%%%%%%%%%%%%%%%%%%%%%%%%%%%%
% Literatur
%%%%%%%%%%%%%%%%%%%%%%%%%%%%

%%%%%%%%%%%%%%%%%%%%%%%%%%%%

%%%%%%%%%%%%%%%%%%%%%%%%%%%%
% Buchquellen
%%%%%%%%%%%%%%%%%%%%%%%%%%%%

@misc{ContinuousDelivery,
    title        = {Pattern: Continuous Delivery},
    howpublished = {\url{https://www.cnpatterns.org/infrastructure-cloud/continuous-delivery}},
    note         = {Accessed: 2024-09-19},
    url          = {https://www.cnpatterns.org/infrastructure-cloud/continuous-delivery}
}

@misc{ContinuousDeployment,
    title        = {Pattern: Continuous Deployment},
    howpublished = {\url{https://www.cnpatterns.org/infrastructure-cloud/continuous-deployment}},
    note         = {Accessed: 2024-09-19},
    url          = {https://www.cnpatterns.org/infrastructure-cloud/continuous-deployment}
}

@misc{MicroservicesArchitecture,
    title        = {Pattern: Microservices Architecture},
    howpublished = {\url{https://www.cnpatterns.org/development-design/microservices-architecture}},
    note         = {Accessed: 2024-09-19},
    url          = {https://www.cnpatterns.org/development-design/microservices-architecture}
}

@misc{CommunicateThroughAPIs,
    title   = {Pattern: Communicate Through APIs},
    howpublished = {\url{https://www.cnpatterns.org/development-design/communicate-through-apis}},
    note    = {Accessed: 2025-09-19}
}